@article{Olivia,
  title = {The unification of mathematics via topos theory},
  author = {Caramello, O.},
  year = 2010,
  journal = {\arXivPreprint{1006.3930}},
  pages = 42
}
